<?xml version="1.0" encoding="UTF-8"?><collection xmlns="http://www.loc.gov/MARC21/slim"><record><leader>00387nam--2200133-i-4500</leader><controlfield tag="001">000023383</controlfield><controlfield tag="002">20161230</controlfield><controlfield tag="005">20161230201035</controlfield><controlfield tag="008">060222s1000------------r-----000-0-eng-d</controlfield><datafield ind1=" " ind2=" " tag="080"><subfield code="a">621.039.85(061.3)</subfield></datafield><datafield ind1=" " ind2=" " tag="245"><subfield code="a">Isotope tracer studies of chemical residues in food and the agricultural environment</subfield></datafield><datafield ind1=" " ind2=" " tag="260"><subfield code="a">Vienna,Iaea, 1974. 156p</subfield></datafield><datafield ind1=" " ind2=" " tag="490"><subfield code="a">Panel Proceedings Series</subfield></datafield><datafield ind1=" " ind2=" " tag="852"><subfield code="a">40771</subfield></datafield></record></collection>